@article{rennie2015dataset,
  title={A dataset for improved rgbd-based object detection and pose estimation for warehouse pick-and-place},
  author={Rennie, Colin and Shome, Rahul and Bekris, Kostas E and De Souza, Alberto F},
  journal={IEEE Robotics and Automation Letters},
  volume={1},
  number={2},
  pages={1179--1185},
  year={2016},
  publisher={IEEE}
}